<record><leader>00000cas a2200000 a 4500</leader><controlfield tag="001">42956744</controlfield><controlfield tag="008">991208d18uu1892nbuwr ne      0    0eng c</controlfield><datafield ind1=" " ind2=" " tag="010"><subfield code="a">sn 99021995 </subfield></datafield><datafield ind1=" " ind2=" " tag="040"><subfield code="a">CRL</subfield><subfield code="b">eng</subfield><subfield code="c">CRL</subfield><subfield code="d">OCLCQ</subfield><subfield code="d">OCLCF</subfield><subfield code="d">OCLCO</subfield></datafield><datafield ind1=" " ind2=" " tag="042"><subfield code="a">pcc</subfield></datafield><datafield ind1=" " ind2=" " tag="043"><subfield code="a">n-us-nb</subfield></datafield><datafield ind1="0" ind2="4" tag="245"><subfield code="a">The Beatrice Republican.</subfield></datafield><datafield ind1=" " ind2=" " tag="260"><subfield code="a">Beatrice, Neb. :</subfield><subfield code="b">J.W. Hall,</subfield><subfield code="c">-1892.</subfield></datafield><datafield ind1=" " ind2=" " tag="300"><subfield code="a">v.</subfield></datafield><datafield ind1=" " ind2=" " tag="310"><subfield code="a">Weekly</subfield></datafield><datafield ind1="0" ind2=" " tag="362"><subfield code="a">-v. 11, no. 28 (June 25, 1892).</subfield></datafield><datafield ind1=" " ind2=" " tag="530"><subfield code="a">Also issued on microfilm from Nebraska State Historical Society and UMI.</subfield></datafield><datafield ind1=" " ind2=" " tag="580"><subfield code="a">Also published in a daily ed.: Daily Beatrice Republican, Mar. 31, 1890-June 25, 1892.</subfield></datafield><datafield ind1=" " ind2=" " tag="580"><subfield code="a">Merged with: Daily Democrat (Beatrice, Neb.), to form: Beatrice daily times.</subfield></datafield><datafield ind1=" " ind2=" " tag="588"><subfield code="a">Description based on: Vol. 5, no. 5 (Jan. 16, 1886).</subfield></datafield><datafield ind1=" " ind2="0" tag="651"><subfield code="a">Beatrice (Neb.)</subfield><subfield code="v">Newspapers.</subfield></datafield><datafield ind1=" " ind2="7" tag="655"><subfield code="a">Newspapers.</subfield><subfield code="2">fast</subfield><subfield code="0">(OCoLC)fst01423814</subfield></datafield><datafield ind1=" " ind2="7" tag="651"><subfield code="a">Nebraska</subfield><subfield code="z">Beatrice.</subfield><subfield code="2">fast</subfield><subfield code="0">(OCoLC)fst01224842</subfield></datafield><datafield ind1=" " ind2=" " tag="752"><subfield code="a">United States</subfield><subfield code="b">Nebraska</subfield><subfield code="c">Gage</subfield><subfield code="d">Beatrice.</subfield></datafield><datafield ind1="1" ind2=" " tag="775"><subfield code="t">Daily Beatrice Republican</subfield></datafield><datafield ind1="0" ind2="0" tag="780"><subfield code="t">Gage County independent</subfield></datafield><datafield ind1="1" ind2="7" tag="785"><subfield code="t">Daily Democrat (Beatrice, Neb.)</subfield></datafield><datafield ind1="1" ind2="7" tag="785"><subfield code="t">Beatrice daily times</subfield><subfield code="w">(DLC)sn 99021996</subfield><subfield code="w">(OCoLC)42956764</subfield></datafield></record>